%% This BibTeX bibliography file was created using BibDesk.
%% http://bibdesk.sourceforge.net/


%% Created for Lauro Cesar Araujo at 2015-04-27 19:43:45 -0300 


%% Saved with string encoding Unicode (UTF-8) 
@article{brasilb,
  title={Vigilância e controle da qualidade da água para consumo humano},
  author={Brasil},
  journal={Ministério da Saúde, Secretaria de Vigilância em Saúde},
  pages={212},
  address = {Brasília, DF},
  year={2006}
}
@article{brasila,
  title={Manual de procedimentos de vigilância em saúde ambiental relacionada à qualidade da água para consumo},
  author={Brasil},
  journal={Ministério da Saúde, Secretaria de Vigilância em Saúde},
  pages={284},
  address = {Brasília, DF},
  year={2006}
}

@article{ses99,
  title={PORTARIA N.º 10},
   nota     = {Define teores de concentração do íon fluoreto
    nas águas para consumo humano fornecidas
    por Sistemas Públicos de Abastecimento.},
  author={Rio Grande do Sul,},
  journal={Secretaria Estadual da Saúde},
  pages={1},
  address = {Porto Alegre, RS},
  year={1999}
}

@misc{sisagua, title={Sistema de Informação de Vigilância da Qualidade da Água para Consumo Humano}, url={http://sisagua.saude.gov.br/sisagua/login.jsf}, journal={Sisagua}, publisher={Ministério da Saúde}, author={SISAGUA},year={2021}}

@Article{AnexoXX,
  author       = {Brasil},
  title        = {Anexo XX da Portaria de Consolidação nº 5},

  journal      = {Gabinete do Ministro do Ministério da Saúde},
  year         = {2017},
  date         = {201-09-28},
  organization = {Brasil},
  url          = {https://portalarquivos2.saude.gov.br/images/pdf/2018/marco/29/PRC-5-Portaria-de-Consolida----o-n---5--de-28-de-setembro-de-2017.pd},
  urldate      = {2017-02-24},
  address      = {Brasília, DF},
  shorttitle   = {Portaria de Consolidação nº 5/2012},
  timestamp    = {2017-09-28},
}

@misc{Tsutiya,
title   = {Abastecimento de água},
author = {Tsutiya, Milton Tomoyuki},
year = {2004},
publisher = {Departamento de Engenharia Hidráulica e Sanitária da Escola Politécnica da Universidade de São Paulo}
}

@misc{Meyer,
title   = {O uso de cloro na desinfecção de águas, a formação de trihalometanos e os riscos potenciais à saúde pública},
author = {Meyer, Sheila},
year = {1994},
publisher = { Caderno de Saúde Pública V10}
}


@Article{conama357,
  author       = {Brasil},
  title        = {Resolução Nº 357, De 17 De Março De 2005 do Conselho Nacional do Meio Ambiente},
  nota         = {Dispõe sobre a classificação dos corpos de água e diretrizes ambientais para o seu enquadramento,
bem como estabelece as condições e padrões de lançamento de efluentes, e dá outras providências},
  journal      = {Diário Oficial da República Federativa do Brasil nº 053, de 18/03/2005, págs. 58-63},
  year         = {2005},
  date         = {2005-03-17},
  organization = {Brasil},
  url          = {http://www2.mma.gov.br/port/conama/legiabre.cfm?codlegi=459},
  urldate      = {2005-03-17},
  address      = {Brasília, DF},
  shorttitle   = {Resolução Nº 357},
 }
 
%%%%RESOLUÇÃO CONAMA no 396, de 3 de abril de 2008
@Article{conama396,
  author       = {Brasil},
  title        = {Resolução Nº 396, De 3 De Abril DE 2008 do Conselho Nacional do Meio Ambiente},
  nota         = {Dispõe sobre a classificação e diretrizes ambientais para o enquadramento das águas subterrâneas e dá outras providências},
  journal      = {Diário Oficial da República Federativa do Brasil nº 66, de 7 de abril de 2008, Seção 1, páginas 64-68},
  year         = {2008},
  date         = {2008-04-03},
  organization = {Brasil},
  url          = {http://www2.mma.gov.br/port/conama/legiabre.cfm?codlegi=562},
  urldate      = {2008-04-03},
  address      = {Brasília, DF},
  shorttitle   = {Resolução Nº 396},
 }
 
@article{who17,
  title={Guidelines for drinking-water quality: fourth edition incorporating the first addendum},
  author={WHO},
  journal={World Health Organization},
  volume={38},
  number={4},
  licence = {CC BY-NC-SA 3.0 IGO},
  year={2017},
    url          = {https://www.who.int/publications/i/item/9789241549950},
}

@book{usepa99,
  title={Alternative disinfectants and oxidants guidance manual},
  author={USEPA},
  volume={99},
  number={14},
  year={1999},
  publisher={US Environmental Protection Agency, Office of Water}
}


@article{roberts2002,
author = {Roberts, Megan G. and Singer, Philip C. and Obolensky, Alexa},
title = {Comparing TOTAL HAA and TOTAL THM CONCENTRATIONS using ICR data},
journal = {Journal AWWA},
volume = {94},
number = {1},
pages = {103-114},
keywords = {Modeling, Trihalomethanes, Regulations, Utilities, Information Collection Rule, Compliance, Haloacetic Acids, Disinfection Byproducts},
doi = {https://doi.org/10.1002/j.1551-8833.2002.tb09386.x},
url = {https://awwa.onlinelibrary.wiley.com/doi/abs/10.1002/j.1551-8833.2002.tb09386.x},
eprint = {https://awwa.onlinelibrary.wiley.com/doi/pdf/10.1002/j.1551-8833.2002.tb09386.x},
year={2002}
}



%%I-003 – RELAÇÃO DO POTENCIAL DE FORMAÇÃO DE TRIHALOMETANOS
%COM AS VARIÁVEIS CHUVA, CARBONO ORGÂNICO DISSOLVIDO E
%NÚMERO DE CÉLULAS DE CIANOBACTÉRIAS NOS MANANCIAIS DO
%ESTADO DE SÃO PAULO 
@article{demelo2009,
  title={I-003–RELA{\c{C}}{\~A}O DO POTENCIAL DE FORMA{\c{C}}{\~A}O DE TRIHALOMETANOS COM AS VARI{\'A}VEIS CHUVA, CARBONO ORG{\^A}NICO DISSOLVIDO E N{\'U}MERO DE C{\'E}LULAS DE CIANOBACT{\'E}RIAS NOS MANANCIAIS DO ESTADO DE S{\~A}O PAULO },
  author={de Mello, Gabriela Sá Leitão and J{\'u}nior,Nelson Menegon},
  journal = {25º Congresso Brasileiro de Engenharia Sanitária e Ambiental},
  year = {2009}
  }

@article{borgesii,
  title={II-052-AVALIA{\c{C}}{\~A}O DA FORMA{\c{C}}{\~A}O DE TRIHALOMETANOS EM {\'A}GUAS DE ABASTECIMENTO UTILIZANDO-SE A T{\'E}CNICA ANAL{\'I}TICA MIMS (MEMBRANE INTRODUCTION MASS SPECTROSCOPY)},
  author={Borges, Jo{\~a}o Tito and Alberici, Rosana Maria and Guimar{\~a}es, Jos{\'e} Roberto and Eberlin, Marcos Nogueira and Lindner, Alexandra}
}

@article{oliveira2020,
  title={Estudo do potencial de forma{\c{c}}{\~a}o de trihalometanos na lagoa de Extremoz (RN)},
  author={Oliveira, Rafaela Ribeiro de and Ara{\'u}jo, Andr{\'e} Luis Calado and Duarte, Marco Antonio Calazans},
  journal={Engenharia Sanitaria e Ambiental},
  volume={25},
  number={2},
  pages={315--322},
  year={2020},
  publisher={SciELO Brasil}
}


@article{SurbhiTak,
    author = {Tak, Surbhi and Vellanki, Bhanu Prakash},
    title = "{Natural organic matter as precursor to disinfection byproducts and its removal using conventional and advanced processes: state of the art review}",
    journal = {Journal of Water and Health},
    volume = {16},
    number = {5},
    pages = {681-703},
    year = {2018},
    month = {07},
    issn = {1477-8920},
    doi = {10.2166/wh.2018.032},
    url = {https://doi.org/10.2166/wh.2018.032},
    eprint = {https://iwaponline.com/jwh/article-pdf/16/5/681/490465/jwh0160681.pdf},
}


@article{Rodriguez2015,
author = {Rodriguez, Manuel and Sérodes, Jean-B and Levallois, Patrick and Proulx, François},
year = {2011},
month = {02},
pages = {355-365},
title = {Chlorinated disinfection by-products in drinking water according to source, treatment, season, and distribution location},
volume = {6},
journal = {Journal of Environmental Engineering and Science},
doi = {10.1139/s06-055}
}

@article{Rodriguez2010,
author = {Legay, Christelle and Rodriguez, Manuel and Sérodes, Jean and Levallois, Patrick},
year = {2010},
month = {10},
pages = {59},
title = {The assessment of population exposure to chlorination by-products: A study on the influence of the water distribution system},
volume = {9},
journal = {Environmental health : a global access science source},
doi = {10.1186/1476-069X-9-59}
}

@book{rocha2009,
title   = {Introdução à Química Ambiental},
author = {Rocha, Julio Cesar},
year = {2009},
publisher = {Artmed}
}

@book{dibernardo2017,
title   = {Métodos e técnicas de tratamento de água},
author = {Di Bernardo, Luiz and Dantas, Angela Di Bernardo},
year = {2017},
publisher = {LDiBe}
}

@article{materiaorganica,
title = {An overview of the methods used in the characterisation of natural organic matter (NOM) in relation to drinking water treatment},
journal = {Chemosphere},
volume = {83},
number = {11},
pages = {1431-1442},
year = {2011},
issn = {0045-6535},
doi = {https://doi.org/10.1016/j.chemosphere.2011.01.018},
url = {https://www.sciencedirect.com/science/article/pii/S0045653511000208}}

@article{swietlik2004reactivity,
  title={Reactivity of natural organic matter fractions with chlorine dioxide and ozone},
  author={{\'S}wietlik, Joanna and D{\k{a}}browska, A and Raczyk-Stanis{\l}awiak, U and Nawrocki, Jerzy},
  journal={Water research},
  volume={38},
  number={3},
  pages={547--558},
  year={2004},
  publisher={Elsevier}
}


@article{mon1995,
author = {Jacangelo, Joseph G. and DeMarco, Jack and Owen, Douglas M. and Randtke, Stephen J.},
title = {Selected processes for removing NOM: an overview},
journal = {Journal AWWA},
volume = {87},
number = {1},
year = {1995},
pages = {64-77},
keywords = {Organics, Coagulation, Granular Activated Carbon, Adsorption, Filtration, Reverse Osmosis, Nanofiltration, Ultrafiltration, Microfiltration, Disinfection Byproducts},
doi = {https://doi.org/10.1002/j.1551-8833.1995.tb06302.x},
url = {https://awwa.onlinelibrary.wiley.com/doi/abs/10.1002/j.1551-8833.1995.tb06302.x},
eprint = {https://awwa.onlinelibrary.wiley.com/doi/pdf/10.1002/j.1551-8833.1995.tb06302.x},,
}



@article{Krasner2006,
author = {Krasner, Stuart W. and Weinberg, Howard S. and Richardson, Susan D. and Pastor, Salvador J. and Chinn, Russell and Sclimenti, Michael J. and Onstad, Gretchen D. and Thruston, Alfred D.},
title = {Occurrence of a New Generation of Disinfection Byproducts},
journal = {Environmental Science \& Technology},
volume = {40},
number = {23},
pages = {7175-7185},
year = {2006},
doi = {10.1021/es060353j},
    note ={PMID: 17180964},
URL = { 
        https://doi.org/10.1021/es060353j
    },
eprint = { 
        https://doi.org/10.1021/es060353j   }
}

@article{Brasil1,
author = {Brasil},
title = { MÓDULO IV: INFORMAÇÕES SOBRE QUALIDADE DA ÁGUA PARA CONSUMO HUMANO},
journal = {CURSO BÁSICO DE VIGILÂNCIA DA QUALIDADE DA ÁGUA PARA CONSUMO HUMANO},
volume = {1},
year = {2020}
}

@article{bellar1974occurrence,
  title={The occurrence of organohalides in chlorinated drinking waters},
  author={Bellar, Thomas A},
  journal={Journal-American Water Works Association},
  volume={66},
  number={12},
  pages={703--706},
  year={1974},
  publisher={Wiley Online Library}
}


@article{cancer,
title = {Cancer and non-cancer risk assessment of trihalomethanes in urban drinking water supplies of Pakistan},
journal = {Ecotoxicology and Environmental Safety},
volume = {91},
pages = {25-31},
year = {2013},
issn = {0147-6513},
doi = {https://doi.org/10.1016/j.ecoenv.2013.01.008},
url = {https://www.sciencedirect.com/science/article/pii/S0147651313000110},
author = {Hira Amjad and Imran Hashmi and Muhammad Saif Ur Rehman and M. {Ali Awan} and Sajeela Ghaffar and Zahiruddin Khan},
keywords = {Disinfection, Chlorination, Trihalomethanes, Risk assessment, Cancer, Health hazard index},

}



@article{Abbas2014,
    author = {Abbas, Sidra and Hashmi, Imran and Rehman, Muhammad Saif Ur and Qazi, Ishtiaq A. and Awan, Mohammad A. and Nasir, Habib},
    title = "{Monitoring of chlorination disinfection by-products and their associated health risks in drinking water of Pakistan}",
    journal = {Journal of Water and Health},
    volume = {13},
    number = {1},
    pages = {270-284},
    year = {2014},
    month = {08},
    issn = {1477-8920},
    doi = {10.2166/wh.2014.096},
    url = {https://doi.org/10.2166/wh.2014.096},
    eprint = {https://iwaponline.com/jwh/article-pdf/13/1/270/397051/jwh0130270.pdf},
}


@article{Kali2021,
title = {Occurrence, influencing factors, toxicity, regulations, and abatement approaches for disinfection by-products in chlorinated drinking water: A comprehensive review},
journal = {Environmental Pollution},
volume = {281},
pages = {116950},
year = {2021},
issn = {0269-7491},
doi = {https://doi.org/10.1016/j.envpol.2021.116950},
url = {https://www.sciencedirect.com/science/article/pii/S0269749121005327},
author = {Sundas Kali and Marina Khan and Muhammad Sheraz Ghaffar and Sajida Rasheed and Amir Waseem and Muhammad Mazhar Iqbal and Muhammad {Bilal khan Niazi} and Mazhar Iqbal Zafar},
keywords = {Chlorination, Drinking water, Disinfection by-products, Occurrence, Influencing factors, Toxicity, Abatement approaches}
}


@article{Nata2020,
title = {Effects of Ions on THM Formation During Chlorination of Bromide-Containing Water},
journal = {Water Air Soil Pollut},
volume = {231},
number = {427},
year = {2020},
doi = {https://doi.org/10.1007/s11270-020-04786-6},
url = {https://link.springer.com/article/10.1007/s11270-020-04786-6},
author = {Ta, Na and Li, Chenghao and Wang, Yi and An, Wuyun  },
}

@article{rook1974,
  title={Formation of haloforms during chlorination of natural waters J Soc Water Treat Exam 23: 234--243},
  author={Rook, JJ},
  year={1974}
}

@article{lan2018genotoxicity,
  title={Genotoxicity assessment of drinking water disinfection byproducts by dna damage and repair pathway profiling analysis},
  author={Lan, Jiaqi and Rahman, Sheikh Mokhlesur and Gou, Na and Jiang, Tao and Plewa, Micheal J and Alshawabkeh, Akram and Gu, April Z},
  journal={Environmental science \& technology},
  volume={52},
  number={11},
  pages={6565-6575},
  year={2018},
  publisher={ACS Publications}
}

@article{zhao2016effects,
  title={Effects of metal ions on disinfection byproduct formation during chlorination of natural organic matter and surrogates},
  author={Zhao, Yu and Yang, Hong-wei and Liu, Shi-ting and Tang, Shun and Wang, Xiao-mao and Xie, Yuefeng F},
  journal={Chemosphere},
  volume={144},
  pages={1074-1082},
  year={2016},
  publisher={Elsevier}
}

@article{chen2010predicting,
  title={Predicting disinfection by-product formation potential in water},
  author={Chen, Baiyang and Westerhoff, Paul},
  journal={Water Research},
  volume={44},
  number={13},
  pages={3755--3762},
  year={2010},
  publisher={Elsevier}
}

@article{benson2017disinfection,
  title={Disinfection byproducts in drinking water and evaluation of potential health risks of long-term exposure in Nigeria},
  author={Benson, Nsikak U},
  journal={Journal of environmental and public health},
  volume={2017},
  year={2017},
  publisher={Hindawi}
}

@article{iarc2004,
  title={Working Group on the Evaluation of Carcinogenic Risks to Humans. Some drinking-water disinfectants and contaminants, including arsenic},
  author={IARC},
  journal={IARC Monogr Eval Carcinog Risks Hum.},
  volume={84},
  year={2004},
}

@article{villanueva,
author = {Cristina M. Villanueva  and Esther Gracia-Lavedan  and Cristina Bosetti  and Elena Righi  and Antonio José Molina  and Vicente Martín  and Elena Boldo  and Nuria Aragonés  and Beatriz Perez-Gomez  and Marina Pollan  and Ines Gomez Acebo  and Jone M. Altzibar  and Ana Jiménez Zabala  and Eva Ardanaz  and Rosana Peiró  and Adonina Tardón  and Maria Dolores Chirlaque  and Alessandra Tavani  and Jerry Polesel  and Diego Serraino  and Federica Pisa  and Gemma Castaño-Vinyals  and Ana Espinosa  and Nadia Espejo-Herrera  and Margarita Palau  and Victor Moreno  and Carlo La Vecchia  and Gabriella Aggazzotti  and Mark J Nieuwenhuijsen  and Manolis Kogevinas },
title = {Colorectal Cancer and Long-Term Exposure to Trihalomethanes in Drinking Water: A Multicenter Case–Control Study in Spain and Italy},
journal = {Environmental Health Perspectives},
volume = {125},
number = {1},
pages = {56-65},
year = {2017},
doi = {10.1289/EHP155}

URL = {https://ehp.niehs.nih.gov/doi/abs/10.1289/EHP155},
eprint = {https://ehp.niehs.nih.gov/doi/pdf/10.1289/EHP155}

}

@article{Fakhri,
author = {Yadolah Fakhri and Anoushiravan Mohseni-Bandpei and Gea Oliveri Conti and Hassan Keramati and Yahya Zandsalimi and Nazak Amanidaz and Rokhsane Hosseini Pouya and Bigard Moradi and Zohreh Bahmani and Leila Rasouli Amirhajeloo and Zahra Baninameh},
title = {Health risk assessment induced by chloroform content of the drinking water in Iran: systematic review},
journal = {Toxin Reviews},
volume = {36},
number = {4},
pages = {342-351},
year  = {2017},
publisher = {Taylor & Francis},
doi = {10.1080/15569543.2017.1370601},

URL = { 
        https://doi.org/10.1080/15569543.2017.1370601
    
},
eprint = { 
        https://doi.org/10.1080/15569543.2017.1370601
    
}

}

@article{testet,
  title={A generalized Grubbs-Beck test statistic for detecting multiple potentially influential low outliers in flood series},
  author={Cohn, TA and England, JF and Berenbrock, CE and Mason, RR and Stedinger, JR and Lamontagne, JR},
  journal={Water Resources Research},
  volume={49},
  number={8},
  pages={5047--5058},
  year={2013},
  publisher={Wiley Online Library}
}


@article{cancerdebexiga,
author = {Iro Evlampidou  and Laia Font-Ribera  and David Rojas-Rueda  and Esther Gracia-Lavedan  and Nathalie Costet  and Neil Pearce  and Paolo Vineis  and Jouni J.K. Jaakkola  and Francis Delloye  and Konstantinos C. Makris  and Euripides G. Stephanou  and Sophia Kargaki  and Frantisek Kozisek  and Torben Sigsgaard  and Birgitte Hansen  and Jörg Schullehner  and Ramon Nahkur  and Catherine Galey  and Christian Zwiener  and Marta Vargha  and Elena Righi  and Gabriella Aggazzotti  and Gunda Kalnina  and Regina Grazuleviciene  and Kinga Polanska  and Dasa Gubkova  and Katarina Bitenc  and Emma H. Goslan  and Manolis Kogevinas  and Cristina M. Villanueva },
title = {Trihalomethanes in Drinking Water and Bladder Cancer Burden in the European Union},
journal = {Environmental Health Perspectives},
volume = {128},
number = {1},
pages = {017001},
year = {2020},
doi = {10.1289/EHP4495}

URL = {https://ehp.niehs.nih.gov/doi/abs/10.1289/EHP4495},
eprint = {https://ehp.niehs.nih.gov/doi/pdf/10.1289/EHP4495}

}

@article{national1976report,
  title={Report on the carcinogenesis bioassay of chloroform (CAS no. 67-66-3)},
  author={National Cancer Institute},
  journal={National Cancer Institute carcinogenesis technical report series},
  volume={1976},
  pages={1--60},
  year={1976}
}

@article{loper1980mutagenic,
  title={Mutagenic effects of organic compounds in drinking water},
  author={Loper, John C},
  journal={Mutation Research/Reviews in Genetic Toxicology},
  volume={76},
  number={3},
  pages={241--268},
  year={1980},
  publisher={Elsevier}
}


@article{chuva,
title = {Variability of disinfection by-products at a full-scale treatment plant following rainfall events},
journal = {Chemosphere},
volume = {166},
pages = {453-462},
year = {2017},
issn = {0045-6535},
doi = {https://doi.org/10.1016/j.chemosphere.2016.09.096},
url = {https://www.sciencedirect.com/science/article/pii/S0045653516312978},
author = {Ianis Delpla},
keywords = {Rainfall, Drinking water, THMs, HAAs, Operational factors}
}
@article{chuva2,
author = {Aguilar, E. and Peterson, T. C. and Obando, P. Ramírez and Frutos, R. and Retana, J. A. and Solera, M. and Soley, J. and García, I. González and Araujo, R. M. and Santos, A. Rosa and Valle, V. E. and Brunet, M. and Aguilar, L. and Álvarez, L. and Bautista, M. and Castañón, C. and Herrera, L. and Ruano, E. and Sinay, J. J. and Sánchez, E. and Oviedo, G. I. Hernández and Obed, F. and Salgado, J. E. and Vázquez, J. L. and Baca, M. and Gutiérrez, M. and Centella, C. and Espinosa, J. and Martínez, D. and Olmedo, B. and Espinoza, C. E. Ojeda and Núñez, R. and Haylock, M. and Benavides, H. and Mayorga, R.},
title = {Changes in precipitation and temperature extremes in Central America and northern South America, 1961–2003},
journal = {Journal of Geophysical Research: Atmospheres},
volume = {110},
number = {D23},
pages = {},
keywords = {climate change, extreme indices, Central and South America},
doi = {https://doi.org/10.1029/2005JD006119},
url = {https://agupubs.onlinelibrary.wiley.com/doi/abs/10.1029/2005JD006119},
eprint = {https://agupubs.onlinelibrary.wiley.com/doi/pdf/10.1029/2005JD006119},
year = {2005}
}


@article{DU2021144662,
title = {Cumulative health risk assessment of disinfection by-products in drinking water by different disinfection methods in typical regions of China},
journal = {Science of The Total Environment},
volume = {770},
pages = {144662},
year = {2021},
issn = {0048-9697},
doi = {https://doi.org/10.1016/j.scitotenv.2020.144662},
url = {https://www.sciencedirect.com/science/article/pii/S0048969720381936},
author = {Yanjun Du and Liang Zhao and Jie Ban and Jingying Zhu and Suwei Wang and Xun Zhu and Yingying Zhang and Zihao Huang and Tiantian Li},
keywords = {DBPs, Health risk assessment, Multi-pathways, Disinfection method, Drinking water, China}
}

@article{LI2019335,
title = {Disinfectant residual stability leading to disinfectant decay and by-product formation in drinking water distribution systems: A systematic review},
journal = {Water Research},
volume = {153},
pages = {335-348},
year = {2019},
issn = {0043-1354},
doi = {https://doi.org/10.1016/j.watres.2019.01.020},
url = {https://www.sciencedirect.com/science/article/pii/S0043135419300648},
author = {Rebecca A. Li and James A. McDonald and Arumugam Sathasivan and Stuart J. Khan},
keywords = {Disinfectant stability, Disinfection by-products (DBPs), Disinfectant decay, Drinking water distribution system, Microbial activity, Nitrification}

}


@article{LI2021116712,
title = {A multivariate Bayesian network analysis of water quality factors influencing trihalomethanes formation in drinking water distribution systems},
journal = {Water Research},
volume = {190},
pages = {116712},
year = {2021},
issn = {0043-1354},
doi = {https://doi.org/10.1016/j.watres.2020.116712},
url = {https://www.sciencedirect.com/science/article/pii/S0043135420312471},
author = {Rebecca A. Li and James A. McDonald and Arumugam Sathasivan and Stuart J. Khan},
keywords = {Bayesian network, Disinfection by-products (DBPs), Drinking water distribution system, Trihalomethanes (THMs), chloramination}
}

@article{RAMAVANDI20151,
title = {Effect of water quality and operational parameters on trihalomethanes formation potential in Dez River water, Iran},
journal = {Water Resources and Industry},
volume = {11},
pages = {1-12},
year = {2015},
issn = {2212-3717},
doi = {https://doi.org/10.1016/j.wri.2015.03.002},
url = {https://www.sciencedirect.com/science/article/pii/S2212371715000244},
author = {Bahman Ramavandi and Sima Farjadfard and Mehdi Ardjmand and Sina Dobaradaran},
keywords = {Dez River, DOC fractionation, THMFP, Seasonal variation, Total organic carbon}}



@article{CUNHA2016516,
title = {Land use influence on raw surface water quality and treatment costs for drinking supply in São Paulo State (Brazil)},
journal = {Ecological Engineering},
volume = {94},
pages = {516-524},
year = {2016},
issn = {0925-8574},
doi = {https://doi.org/10.1016/j.ecoleng.2016.06.063},
url = {https://www.sciencedirect.com/science/article/pii/S0925857416303883},
author = {Davi Gasparini Fernandes Cunha and Lyda Patricia Sabogal-Paz and Walter Kennedy Dodds},
keywords = {Drinking water, Infrastructure and operating costs, Land cover, Rivers and streams, Water treatment plants}
}

@article{SERRANO2015246,
title = {Seasonal evaluation of the presence of 46 disinfection by-products throughout a drinking water treatment plant},
journal = {Science of The Total Environment},
volume = {517},
pages = {246-258},
year = {2015},
issn = {0048-9697},
doi = {https://doi.org/10.1016/j.scitotenv.2015.02.070},
url = {https://www.sciencedirect.com/science/article/pii/S0048969715002132},
author = {Maria Serrano and Isabel Montesinos and M.J. Cardador and Manuel Silva and Mercedes Gallego},
keywords = {Trihalomethanes, Halonitromethanes, Haloacetonitriles, Haloacetic acids, Aldehydes, Drinking water treatment plant, Chlorine dioxide/chloramination}
}

@article{MURSHED20141985,
title = {Changes in the quality of river water before, during and after a major flood event associated with a La Niña cycle and treatment for drinking purposes},
journal = {Journal of Environmental Sciences},
volume = {26},
number = {10},
pages = {1985-1993},
year = {2014},
issn = {1001-0742},
doi = {https://doi.org/10.1016/j.jes.2014.08.001},
url = {https://www.sciencedirect.com/science/article/pii/S1001074214001235},
author = {Mohamad Fared Murshed and Zeeshan Aslam and Rosmala Lewis and Christopher Chow and Dongsheng Wang and Mary Drikas and John {van Leeuwen}},
keywords = {Alum, Coagulation, Flood, mEnCo prediction dose (EnCD), La Niña}}



@article{DU201751,
title = {Formation and control of disinfection byproducts and toxicity during reclaimed water chlorination: A review},
journal = {Journal of Environmental Sciences},
volume = {58},
pages = {51-63},
year = {2017},
note = {water treatment and disinfection by-products},
issn = {1001-0742},
doi = {https://doi.org/10.1016/j.jes.2017.01.013},
url = {https://www.sciencedirect.com/science/article/pii/S1001074216311378},
author = {Ye Du and Xiao-Tong Lv and Qian-Yuan Wu and Da-Yin Zhang and Yu-Ting Zhou and Lu Peng and Hong-Ying Hu},
keywords = {Reclaimed water, Chlorination, Disinfection byproducts, Toxicity, Precursor}
}

@article{sun2016characteristics,
  title={Characteristics of water quality of municipal wastewater treatment plants in China: implications for resources utilization and management},
  author={Sun, Yan and Chen, Zhuo and Wu, Guangxue and Wu, Qianyuan and Zhang, Feng and Niu, Zhangbin and Hu, Hong-Ying},
  journal={Journal of Cleaner Production},
  volume={131},
  pages={1--9},
  year={2016},
  publisher={Elsevier}
}


@article{UNESCO2021,
  title={The United Nations World Water Development Report 2021: Valuing Water},
  author={UNESCO},
  journal={United Nations},
  year={2020},
  isbn = {978-92-3-100434-6},
  address      = {Paris - FR}
}

@article{stevens1976,
author = {Stevens, Alan A. and Slocum, Clois J. and Seeger, Dennis R. and Robeck, Gordon G.},
title = {Chlorination of Organics in Drinking Water},
journal = {Journal AWWA},
volume = {68},
number = {11},
pages = {615-620},
keywords = {Chlorination, Trihalomethanes},
doi = {https://doi.org/10.1002/j.1551-8833.1976.tb02506.x},
url = {https://awwa.onlinelibrary.wiley.com/doi/abs/10.1002/j.1551-8833.1976.tb02506.x},
eprint = {https://awwa.onlinelibrary.wiley.com/doi/pdf/10.1002/j.1551-8833.1976.tb02506.x},
abstract = {Bench- and pilot-scale investigations revealed the influence of precursor compound concentration, pH, type of disinfectant, and temperature on trihalomethane formation. Implications of the research for altering treatment procedures to reduce trihalomethane production are discussed.},
year = {1976}
}

@article{who2005,
  title={Trihalomethanes in Drinking-water},
  author={WHO},
 journal={World Health Organization},
year={2005}
}

@article{saidan2016effect,
  title={Effect of bromide and other factors on brominated trihalomethanes formation in treated water supply in Jordan},
  author={Saidan, Motasem N and Meric, S{\"u}reyya and Rawajfeh, Khaled and Al-Weshah, Radwan A and Al-Zu’bi, Salam F},
  journal={Desalination and Water Treatment},
  volume={57},
  number={33},
  pages={15304--15313},
  year={2016},
  publisher={Taylor \& Francis}
}

@article{who2004,
  title={Chloroform},
  author={WHO},
 journal={United Nations Environment Programme},
year={2004}
}

@article{mouly2010variations,
  title={Variations in trihalomethane levels in three French water distribution systems and the development of a predictive model},
  author={Mouly, Damien and Joulin, Eric and Rosin, Christophe and Beaudeau, Pascal and Zeghnoun, Abdelkrim and Olszewski-Ortar, Agnes and Munoz, Jean Fran{\c{c}}ois and Welte, Benedicte and Joyeux, Michel and Seux, Ren{\'e} and others},
  journal={water research},
  volume={44},
  number={18},
  pages={5168--5179},
  year={2010},
  publisher={Elsevier}
}

@article{uyak2007investigation,
  title={Investigation of bromide ion effects on disinfection by-products formation and speciation in an Istanbul water supply},
  author={Uyak, Vedat and Toroz, Ismail},
  journal={Journal of hazardous materials},
  volume={149},
  number={2},
  pages={445--451},
  year={2007},
  publisher={Elsevier}
}